<?xml version="1.0" encoding="UTF-8"?><collection xmlns="http://www.loc.gov/MARC21/slim"><record><leader>00471nam--2200169-i-4500</leader><controlfield tag="001">000047798</controlfield><controlfield tag="002">20161230</controlfield><controlfield tag="005">20161230201046</controlfield><controlfield tag="008">060222s1000------------r-----000-0-eng-d</controlfield><datafield ind1=" " ind2=" " tag="040"><subfield code="a">IFIN-HH</subfield></datafield><datafield ind1=" " ind2=" " tag="080"><subfield code="a">539.172.5(047.1)</subfield></datafield><datafield ind1="1" ind2=" " tag="100"><subfield code="a">York, M.J</subfield></datafield><datafield ind1="1" ind2="0" tag="245"><subfield code="a">Experimental manifestations of duality in kn interactions</subfield><subfield code="c">M.j. york</subfield></datafield><datafield ind1=" " ind2=" " tag="260"><subfield code="a">Birmingham</subfield><subfield code="b">University Of Birmingham</subfield><subfield code="c">1973</subfield></datafield><datafield ind1=" " ind2=" " tag="300"><subfield code="a">7P.+4P.FIG</subfield></datafield><datafield ind1=" " ind2=" " tag="852"><subfield code="a">39646</subfield><subfield code="c">539.17</subfield></datafield><datafield ind1=" " ind2=" " tag="CAT"><subfield code="a">Sys</subfield><subfield code="c">20120611</subfield><subfield code="h">112223</subfield></datafield></record></collection>